% Autorite vormistamiseks vaata siia https://nwalsh.com/tex/texhelp/bibtx-23.html
% Üldiselt Eesnimi Perekonnanimi, inimesed eraldatakse sõnaga and

@book{book:2240460,
   title =     {Meteorology Today: An Introduction to Weather, Climate, and the Environment},
   author =    {C. Donald Ahrens and Robert Henson},
   publisher = {Cengage Learning},
   isbn =      {1337616664, 1337616669},
   year =      {2018},
   series =    {},
   edition =   {12th},
   volume =    {},
   url =       {http://gen.lib.rus.ec/book/index.php?md5=18bdac69d9d6ee1c0972a75ae115723a}
}

@book{book:1339577,
   title =     {Atmospheric Science, Second Edition: An Introductory Survey},
   author =    {John M. Wallace and Peter V. Hobbs},
   publisher = {Academic Press},
   isbn =      {0-12-732951-X,9780127329512},
   year =      {2006},
   series =    {International Geophysics},
   edition =   {2},
   volume =    {},
   url =       {http://gen.lib.rus.ec/book/index.php?md5=99b841245ff19beb1c20df9524ee8a9f}
}